<record><leader>00000cas a22000007a 4500</leader><controlfield tag="001">20270006</controlfield><controlfield tag="008">890828d19051905mouwr ne      0    0eng d</controlfield><datafield ind1=" " ind2=" " tag="010"><subfield code="a">sn 89066917 </subfield></datafield><datafield ind1=" " ind2=" " tag="040"><subfield code="a">MQN</subfield><subfield code="b">eng</subfield><subfield code="c">MQN</subfield><subfield code="d">OCLCQ</subfield></datafield><datafield ind1=" " ind2=" " tag="042"><subfield code="a">msc</subfield></datafield><datafield ind1="0" ind2="4" tag="245"><subfield code="a">The Crocker impetus.</subfield></datafield><datafield ind1=" " ind2=" " tag="260"><subfield code="a">Crocker, Pulaski County, Mo. :</subfield><subfield code="b">H.A. Cotton,</subfield><subfield code="c">1905.</subfield></datafield><datafield ind1=" " ind2=" " tag="300"><subfield code="a">v.</subfield></datafield><datafield ind1=" " ind2=" " tag="310"><subfield code="a">Weekly</subfield></datafield><datafield ind1="0" ind2=" " tag="362"><subfield code="a">New vol. 1, no. 1 (Aug. 4, 1905)-v. 1, no. 8 (Sept. 22, 1905).</subfield></datafield><datafield ind1=" " ind2=" " tag="515"><subfield code="a">Numbering includes: Old ser., vol. 22.</subfield></datafield><datafield ind1=" " ind2="4" tag="651"><subfield code="a">Crocker (Mo.)</subfield><subfield code="v">Newspapers.</subfield></datafield><datafield ind1=" " ind2="4" tag="651"><subfield code="a">Pulaski County (Mo.)</subfield><subfield code="v">Newspapers.</subfield></datafield><datafield ind1=" " ind2=" " tag="752"><subfield code="a">United States</subfield><subfield code="b">Missouri</subfield><subfield code="c">Pulaski</subfield><subfield code="d">Crocker.</subfield></datafield><datafield ind1="0" ind2="0" tag="780"><subfield code="t">Iberia impetus</subfield><subfield code="w">(DLC)sn 89066918</subfield></datafield><datafield ind1="0" ind2="0" tag="785"><subfield code="t">Crocker news (Crocker, Mo. : 1905)</subfield><subfield code="w">(DLC)sn 86064471</subfield></datafield></record>